<record xmlns="http://www.loc.gov/MARC21/slim" xmlns:xsi="http://www.w3.org/2001/XMLSchema-instance" xsi:schemaLocation="http://www.loc.gov/MARC21/slim http://www.loc.gov/standards/marcxml/schema/MARC21slim.xsd">

  <leader>00557nam a2200169   4500</leader>
  <controlfield tag="008">150828b2013    c  ||||| |||| 00| | spa d</controlfield>
  <datafield ind2=" " tag="020" ind1=" ">
    <subfield code="a">9789567393688</subfield>
  </datafield>
  <datafield ind1=" " tag="090" ind2=" ">
    <subfield code="a">06.02.01</subfield>
    <subfield code="b">2266</subfield>
  </datafield>
  <datafield ind2=" " ind1="1" tag="100">
    <subfield code="9">946</subfield>
    <subfield code="a">Calvo Muñoz, Carlos</subfield>
  </datafield>
  <datafield ind1="1" tag="245" ind2="4">
    <subfield code="a">Del mapa escolar al territorio educativo: disoñando la escuela desde la educación /</subfield>
    <subfield code="c">Carlos Calvo Muñoz</subfield>
  </datafield>
  <datafield tag="250" ind1=" " ind2=" ">
    <subfield code="a">5 edición</subfield>
  </datafield>
  <datafield ind2=" " tag="260" ind1=" ">
    <subfield code="a">Chile :</subfield>
    <subfield code="b">Editorial Universidad de La Serena,</subfield>
    <subfield code="c">2013</subfield>
  </datafield>
  <datafield tag="300" ind1=" " ind2=" ">
    <subfield code="a">378 páginas</subfield>
  </datafield>
  <datafield ind2="4" tag="650" ind1="1">
    <subfield code="9">1</subfield>
    <subfield code="a">EDUCACIÓN</subfield>
  </datafield>
  <datafield tag="650" ind1="1" ind2="4">
    <subfield code="9">947</subfield>
    <subfield code="a">SOCIOLOGÍA DE LA EDUCACIÓN</subfield>
  </datafield>
  <datafield tag="942" ind1=" " ind2=" ">
    <subfield code="2">z</subfield>
    <subfield code="c">01</subfield>
  </datafield>
  <datafield ind1=" " tag="999" ind2=" ">
    <subfield code="c">2839</subfield>
    <subfield code="d">2839</subfield>
  </datafield>
</record>